@article{main_paper,
	author = {Avraham, David and Jung, Jae-Hyun and Yitzhaky, Yitzhak and Peli, Eli},
	year = {2021},
	month = {08},
	pages = {0460d9},
	title = {Retinal prosthetic vision simulation: Temporal aspects},
	volume = {18},
	journal = {Journal of Neural Engineering},
	doi = {10.1088/1741-2552/ac1b6c}
}
@misc{paper_code, 
	title = {{MATLAB} code of Prosthetic Vision Simulation},
	howpublished = {\url{https://matlab.mathworks.com/open/fileexchange/v1?id=116005}},
	 year = 2021, 
	author = {David Avraham and Jae-Hyun Jung and Yitzhak Yitzhaky and Eli Peli}, 
	note = {Version 2.0}
}
@misc{opencv_library,
	title = {The OpenCV Reference Manual},
	organization = {OpenCV},
	howpublished = {\url{http://docs.opencv.org/}}
} 

@article{scikit-image,
	title={scikit-image: image processing in Python},
	author={van der Walt, Stefan and Schönberger, Johannes L and Nunez-Iglesias, Juan and Boulogne, François and Warner, Joshua D and Yager, Neil and Gouillart, Emmanuelle and Yu, Tony and the scikit-image contributors},
	journal={PeerJ},
	volume={2},
	pages={e453},
	year={2014},
	publisher={PeerJ Inc.},
	url={https://peerj.com/articles/453/},
	doi={10.7717/peerj.453}
}

@misc{stackoverflow,
	title        = {How to merge contours in opencv?},
	howpublished = {\url{https://stackoverflow.com/a/65434912/5005049}},
}


@misc{our_code,
	title        = {Code and data used in this paper},
	author = {Omer Rosler},
	howpublished = {\url{https://github.com/OmerRosler/ProthesisSimulationMeasure}},
}